<record><leader>00000cas a2200000Ma 4500</leader><controlfield tag="001">11122094</controlfield><controlfield tag="008">840905c18579999inuwr ne      0    0eng d</controlfield><datafield ind1=" " ind2=" " tag="010"><subfield code="a">sn 84023991 </subfield></datafield><datafield ind1=" " ind2=" " tag="040"><subfield code="a">AQM</subfield><subfield code="b">eng</subfield><subfield code="c">AQM</subfield><subfield code="d">OCLCQ</subfield></datafield><datafield ind1="0" ind2="0" tag="245"><subfield code="a">Lagrange standard.</subfield></datafield><datafield ind1="3" ind2="0" tag="246"><subfield code="a">La Grange standard</subfield></datafield><datafield ind1=" " ind2=" " tag="260"><subfield code="a">Larange [i.e. Lagrange], Ind. :</subfield><subfield code="b">John K. Morrow</subfield></datafield><datafield ind1=" " ind2=" " tag="300"><subfield code="a">v. ;</subfield><subfield code="c">66 cm.</subfield></datafield><datafield ind1=" " ind2=" " tag="310"><subfield code="a">Weekly</subfield></datafield><datafield ind1="1" ind2=" " tag="362"><subfield code="a">Began in 1857.</subfield></datafield><datafield ind1=" " ind2=" " tag="500"><subfield code="a">Also published as: La Grange standard, &lt;May 18, 1861-Dec. 24, 1864&gt;.</subfield></datafield><datafield ind1=" " ind2=" " tag="500"><subfield code="a">"Subscription rates in combination with LaGrange News ...," &lt;Feb. 18, 1987&gt;.</subfield></datafield><datafield ind1=" " ind2=" " tag="588"><subfield code="a">Description based on: Vol. 1, no. 41 (Dec. 16, 1857).</subfield></datafield><datafield ind1=" " ind2="7" tag="655"><subfield code="a">Newspapers.</subfield><subfield code="2">rbgenr</subfield></datafield><datafield ind1=" " ind2=" " tag="752"><subfield code="a">United States</subfield><subfield code="b">Indiana</subfield><subfield code="c">Lagrange</subfield><subfield code="d">Lagrange.</subfield></datafield><datafield ind1="1" ind2=" " tag="787"><subfield code="t">Lagrange news (LaGrange, Ind.)</subfield><subfield code="w">(DLC)sn 87055657</subfield></datafield><datafield ind1="1" ind2=" " tag="029"><subfield code="a">AU@</subfield><subfield code="b">000025829628</subfield></datafield></record>